{
  "leader": "03052cam a2200577Ia 4500",
  "fields": [
    {
      "001": "ocn228661034"
    },
    {
      "003": "OCoLC"
    },
    {
      "005": "20221205113401.0"
    },
    {
      "008": "020719s2000\\\\\\\\pauabc\\\\\\b\\\\\\\\001\\0beng\\\\"
    },
    {
      "010": {
        "ind1": "\\",
        "ind2": "\\",
        "subfields": [
          {
            "a": "   00002714 "
          }
        ]
      }
    },
    {
      "040": {
        "ind1": "\\",
        "ind2": "\\",
        "subfields": [
          {
            "a": "DLC"
          },
          {
            "b": "eng"
          },
          {
            "c": "HUV"
          },
          {
            "d": "OCLCG"
          },
          {
            "d": "UBY"
          },
          {
            "d": "HDC"
          },
          {
            "d": "OCLCF"
          },
          {
            "d": "OCLCO"
          },
          {
            "d": "OCLCQ"
          },
          {
            "d": "OCL"
          },
          {
            "d": "EUM"
          },
          {
            "d": "OCL"
          },
          {
            "d": "OCLCO"
          }
        ]
      }
    },
    {
      "020": {
        "ind1": "\\",
        "ind2": "\\",
        "subfields": [
          {
            "a": "0941901238"
          },
          {
            "q": "(alk. paper)"
          }
        ]
      }
    },
    {
      "020": {
        "ind1": "\\",
        "ind2": "\\",
        "subfields": [
          {
            "a": "9780941901239"
          },
          {
            "q": "(alk. paper)"
          }
        ]
      }
    },
    {
      "035": {
        "ind1": "\\",
        "ind2": "\\",
        "subfields": [
          {
            "a": "(OCoLC)228661034"
          }
        ]
      }
    },
    {
      "043": {
        "ind1": "\\",
        "ind2": "\\",
        "subfields": [
          {
            "a": "n-us---"
          }
        ]
      }
    },
    {
      "050": {
        "ind1": "0",
        "ind2": "0",
        "subfields": [
          {
            "a": "Q185"
          },
          {
            "b": ".T52 2000"
          }
        ]
      }
    },
    {
      "082": {
        "ind1": "0",
        "ind2": "4",
        "subfields": [
          {
            "a": "502.8"
          },
          {
            "b": "THA"
          }
        ]
      }
    },
    {
      "100": {
        "ind1": "1",
        "ind2": "\\",
        "subfields": [
          {
            "a": "Thackray, Arnold,"
          },
          {
            "d": "1939-"
          }
        ]
      }
    },
    {
      "245": {
        "ind1": "1",
        "ind2": "0",
        "subfields": [
          {
            "a": "Arnold O. Beckman :"
          },
          {
            "b": "one hundred years of excellence /"
          },
          {
            "c": "Arnold Thackray and Minor Myers, Jr. ; foreword by James D. Watson."
          }
        ]
      }
    },
    {
      "246": {
        "ind1": "3",
        "ind2": "0",
        "subfields": [
          {
            "a": "One hundred years of excellence"
          }
        ]
      }
    },
    {
      "246": {
        "ind1": "3",
        "ind2": "\\",
        "subfields": [
          {
            "a": "Portrait of Arnold O. Beckman"
          }
        ]
      }
    },
    {
      "260": {
        "ind1": "\\",
        "ind2": "\\",
        "subfields": [
          {
            "a": "Philadelphia, Pa. :"
          },
          {
            "b": "Chemical Heritage Foundation,"
          },
          {
            "c": "\u00a92000."
          }
        ]
      }
    },
    {
      "300": {
        "ind1": "\\",
        "ind2": "\\",
        "subfields": [
          {
            "a": "xvii, 379 pages :"
          },
          {
            "b": "illustrations (some color), maps, portraits (some color) ;"
          },
          {
            "c": "29 cm +"
          },
          {
            "e": "1 computer optical disc (4 3/4 in.)."
          }
        ]
      }
    },
    {
      "336": {
        "ind1": "\\",
        "ind2": "\\",
        "subfields": [
          {
            "a": "text"
          },
          {
            "b": "txt"
          },
          {
            "2": "rdacontent"
          }
        ]
      }
    },
    {
      "337": {
        "ind1": "\\",
        "ind2": "\\",
        "subfields": [
          {
            "a": "unmediated"
          },
          {
            "b": "n"
          },
          {
            "2": "rdamedia"
          }
        ]
      }
    },
    {
      "338": {
        "ind1": "\\",
        "ind2": "\\",
        "subfields": [
          {
            "a": "volume"
          },
          {
            "b": "nc"
          },
          {
            "2": "rdacarrier"
          }
        ]
      }
    },
    {
      "490": {
        "ind1": "1",
        "ind2": "\\",
        "subfields": [
          {
            "a": "Chemical Heritage Foundation series in innovation and entrepreneurship"
          }
        ]
      }
    },
    {
      "500": {
        "ind1": "\\",
        "ind2": "\\",
        "subfields": [
          {
            "a": "\"Patents of Arnold O. Beckman\"--Page 369."
          }
        ]
      }
    },
    {
      "500": {
        "ind1": "\\",
        "ind2": "\\",
        "subfields": [
          {
            "a": "Computer disc has title: One hundred years of excellence : a portrait of Arnold O. Beckman."
          }
        ]
      }
    },
    {
      "504": {
        "ind1": "\\",
        "ind2": "\\",
        "subfields": [
          {
            "a": "Includes bibliographical references (pages 371-372) and index."
          }
        ]
      }
    },
    {
      "504": {
        "ind1": "\\",
        "ind2": "\\",
        "subfields": [
          {
            "a": "\"Selected scientific publications of Arnold O. Beckman\": page 370."
          }
        ]
      }
    },
    {
      "538": {
        "ind1": "\\",
        "ind2": "\\",
        "subfields": [
          {
            "a": "System requirements: Windows PC running Windows 95 or later, 200 MHz Pentium, 16 MB RAM, 16-bit display, or Power Macintosh."
          }
        ]
      }
    },
    {
      "505": {
        "ind1": "0",
        "ind2": "0",
        "subfields": [
          {
            "g": "1"
          },
          {
            "t": "The Blacksmith's Son"
          },
          {
            "g": "2 --"
          },
          {
            "g": "2"
          },
          {
            "t": "A Scientist in the Making"
          },
          {
            "g": "30 --"
          },
          {
            "g": "3"
          },
          {
            "t": "Professor Beckman"
          },
          {
            "g": "70 --"
          },
          {
            "g": "4"
          },
          {
            "t": "Ink and Lemon Juice"
          },
          {
            "g": "112 --"
          },
          {
            "g": "5"
          },
          {
            "t": "Battles on Many Fronts"
          },
          {
            "g": "146 --"
          },
          {
            "g": "6"
          },
          {
            "t": "Dr. Beckman in Control"
          },
          {
            "g": "190 --"
          },
          {
            "g": "7"
          },
          {
            "t": "Visions of Technology"
          },
          {
            "g": "236 --"
          },
          {
            "g": "8"
          },
          {
            "t": "Citizen and Leader"
          },
          {
            "g": "278 --"
          },
          {
            "g": "9"
          },
          {
            "t": "Philanthropist and Statesman"
          },
          {
            "g": "312 --"
          },
          {
            "t": "Selected Honors and Awards of Arnold O. Beckman"
          },
          {
            "g": "368 --"
          },
          {
            "t": "The Patents of Arnold O. Beckman"
          },
          {
            "g": "369."
          }
        ]
      }
    },
    {
      "600": {
        "ind1": "1",
        "ind2": "0",
        "subfields": [
          {
            "a": "Beckman, Arnold O."
          }
        ]
      }
    },
    {
      "650": {
        "ind1": "\\",
        "ind2": "0",
        "subfields": [
          {
            "a": "Scientific apparatus and instruments"
          },
          {
            "z": "United States"
          },
          {
            "x": "History"
          },
          {
            "y": "20th century."
          }
        ]
      }
    },
    {
      "650": {
        "ind1": "\\",
        "ind2": "0",
        "subfields": [
          {
            "a": "Instrument manufacture"
          },
          {
            "z": "United States"
          },
          {
            "x": "History"
          },
          {
            "y": "20th century."
          }
        ]
      }
    },
    {
      "650": {
        "ind1": "\\",
        "ind2": "0",
        "subfields": [
          {
            "a": "Instrument manufacture"
          },
          {
            "z": "United States"
          },
          {
            "v": "Biography."
          }
        ]
      }
    },
    {
      "600": {
        "ind1": "1",
        "ind2": "7",
        "subfields": [
          {
            "a": "Beckman, Arnold O."
          },
          {
            "2": "fast"
          },
          {
            "0": "(OCoLC)fst00209825"
          }
        ]
      }
    },
    {
      "650": {
        "ind1": "\\",
        "ind2": "7",
        "subfields": [
          {
            "a": "Instrument manufacture."
          },
          {
            "2": "fast"
          },
          {
            "0": "(OCoLC)fst00974391"
          }
        ]
      }
    },
    {
      "650": {
        "ind1": "\\",
        "ind2": "7",
        "subfields": [
          {
            "a": "Scientific apparatus and instruments."
          },
          {
            "2": "fast"
          },
          {
            "0": "(OCoLC)fst01108810"
          }
        ]
      }
    },
    {
      "651": {
        "ind1": "\\",
        "ind2": "7",
        "subfields": [
          {
            "a": "United States."
          },
          {
            "2": "fast"
          },
          {
            "0": "(OCoLC)fst01204155"
          }
        ]
      }
    },
    {
      "648": {
        "ind1": "\\",
        "ind2": "7",
        "subfields": [
          {
            "a": "1900-1999"
          },
          {
            "2": "fast"
          }
        ]
      }
    },
    {
      "655": {
        "ind1": "\\",
        "ind2": "7",
        "subfields": [
          {
            "a": "Biographies."
          },
          {
            "2": "fast"
          },
          {
            "0": "(OCoLC)fst01919896"
          }
        ]
      }
    },
    {
      "655": {
        "ind1": "\\",
        "ind2": "7",
        "subfields": [
          {
            "a": "History."
          },
          {
            "2": "fast"
          },
          {
            "0": "(OCoLC)fst01411628"
          }
        ]
      }
    },
    {
      "700": {
        "ind1": "1",
        "ind2": "\\",
        "subfields": [
          {
            "a": "Myers, Minor,"
          },
          {
            "d": "1942-"
          }
        ]
      }
    },
    {
      "700": {
        "ind1": "1",
        "ind2": "\\",
        "subfields": [
          {
            "a": "Watson, James D.,"
          },
          {
            "d": "1928-"
          }
        ]
      }
    },
    {
      "710": {
        "ind1": "2",
        "ind2": "\\",
        "subfields": [
          {
            "a": "Chemical Heritage Foundation."
          }
        ]
      }
    },
    {
      "830": {
        "ind1": "\\",
        "ind2": "0",
        "subfields": [
          {
            "a": "Chemical Heritage Foundation series in innovation and entrepreneurship."
          }
        ]
      }
    },
    {
      "994": {
        "ind1": "\\",
        "ind2": "\\",
        "subfields": [
          {
            "a": "Z0"
          },
          {
            "b": "NYRVC"
          }
        ]
      }
    },
    {
      "948": {
        "ind1": "\\",
        "ind2": "\\",
        "subfields": [
          {
            "h": "NO HOLDINGS IN NYRVC - 10 OTHER HOLDINGS"
          }
        ]
      }
    },
    {
      "999": {
        "ind1": "\\",
        "ind2": "\\",
        "subfields": [
          {
            "a": "00000000012750"
          }
        ]
      }
    }
  ]
}